<record><leader>00000cas a22000007a 4500</leader><controlfield tag="001">27104380</controlfield><controlfield tag="008">921211d19051905mauwr ne      0    0gre d</controlfield><datafield ind1=" " ind2=" " tag="010"><subfield code="a">sn 92056780 </subfield></datafield><datafield ind1=" " ind2=" " tag="040"><subfield code="a">MGN</subfield><subfield code="b">eng</subfield><subfield code="c">MGN</subfield><subfield code="d">OCLCQ</subfield><subfield code="d">OCLCF</subfield><subfield code="d">OCLCO</subfield></datafield><datafield ind1="0" ind2=" " tag="041"><subfield code="a">greeng</subfield></datafield><datafield ind1=" " ind2=" " tag="042"><subfield code="a">msc</subfield></datafield><datafield ind1=" " ind2=" " tag="043"><subfield code="a">n-us-ma</subfield></datafield><datafield ind1="0" ind2=" " tag="130"><subfield code="a">Parthenon (Boston, Mass.)</subfield></datafield><datafield ind1="1" ind2="0" tag="245"><subfield code="a">Partheno&#772;n =</subfield><subfield code="b">Parthenon.</subfield></datafield><datafield ind1=" " ind2=" " tag="260"><subfield code="a">En Bosto&#772;ne&#772; :</subfield><subfield code="b">N.G. Sakallarios, G.D. Pappageorgio&#772;u</subfield></datafield><datafield ind1=" " ind2=" " tag="300"><subfield code="a">v.</subfield></datafield><datafield ind1=" " ind2=" " tag="310"><subfield code="a">Weekly</subfield></datafield><datafield ind1="0" ind2=" " tag="362"><subfield code="a">Etos A', a&#768;r. 1 (12 Phevr. 1905)-Etos A', a&#768;p. 22 (22 I&#789;ou&#789;l. 1905).</subfield></datafield><datafield ind1=" " ind2=" " tag="500"><subfield code="a">Date on English section is 2 weeks later than on Greek masthead until they are equalized on May 20, 1905.</subfield></datafield><datafield ind1=" " ind2=" " tag="500"><subfield code="a">Replaced by a monthly magazine, title unknown, Sept. 1, 1905.</subfield></datafield><datafield ind1=" " ind2=" " tag="546"><subfield code="a">In Greek and English.</subfield></datafield><datafield ind1=" " ind2="0" tag="650"><subfield code="a">Greeks</subfield><subfield code="z">Massachusetts</subfield><subfield code="z">Boston</subfield><subfield code="v">Newspapers.</subfield></datafield><datafield ind1=" " ind2="7" tag="655"><subfield code="a">Newspapers.</subfield><subfield code="2">fast</subfield><subfield code="0">(OCoLC)fst01423814</subfield></datafield><datafield ind1=" " ind2="7" tag="650"><subfield code="a">Greeks.</subfield><subfield code="2">fast</subfield><subfield code="0">(OCoLC)fst00947546</subfield></datafield><datafield ind1=" " ind2="7" tag="651"><subfield code="a">Massachusetts</subfield><subfield code="z">Boston.</subfield><subfield code="2">fast</subfield><subfield code="0">(OCoLC)fst01205012</subfield></datafield><datafield ind1=" " ind2=" " tag="752"><subfield code="a">United States</subfield><subfield code="b">Massachusetts</subfield><subfield code="c">Suffolk</subfield><subfield code="d">Boston.</subfield></datafield></record>